<record><leader>00000cas a2200000 a 4500</leader><controlfield tag="001">35802918</controlfield><controlfield tag="008">961028d18941914miudn ne      0    0eng c</controlfield><datafield ind1=" " ind2=" " tag="010"><subfield code="a">sn 96077212 </subfield></datafield><datafield ind1=" " ind2=" " tag="040"><subfield code="a">MHN</subfield><subfield code="b">eng</subfield><subfield code="c">MHN</subfield><subfield code="d">OCL</subfield><subfield code="d">OCLCQ</subfield><subfield code="d">OCLCF</subfield><subfield code="d">OCLCO</subfield></datafield><datafield ind1="1" ind2=" " tag="029"><subfield code="a">AU@</subfield><subfield code="b">000012911122</subfield></datafield><datafield ind1=" " ind2=" " tag="042"><subfield code="a">pcc</subfield></datafield><datafield ind1=" " ind2=" " tag="043"><subfield code="a">n-us-mi</subfield></datafield><datafield ind1="0" ind2="0" tag="245"><subfield code="a">Manistee daily news.</subfield></datafield><datafield ind1=" " ind2=" " tag="260"><subfield code="a">Manistee, Mich. :</subfield><subfield code="b">News Pub. Co.</subfield></datafield><datafield ind1=" " ind2=" " tag="300"><subfield code="a">v.</subfield></datafield><datafield ind1=" " ind2=" " tag="310"><subfield code="a">Daily (except Sun.)</subfield></datafield><datafield ind1="0" ind2=" " tag="362"><subfield code="a">Vol. 1, no. 1 (Apr. 16, 1894)-v. 6, no. 117 (Aug. 31, 1900) = whole no. 2022 ; 7th yr. (Sept. 1, 1900)-21st yr. (Oct. 3, 1914).</subfield></datafield><datafield ind1=" " ind2=" " tag="500"><subfield code="a">May 1899 Anniversary no. includes "Historical &amp; Industrial Record of the Great Salt City."</subfield></datafield><datafield ind1=" " ind2=" " tag="515"><subfield code="a">Whole number designation added: Vol. 3, no. 1 (Apr. 16, 1896) = whole no. 623.</subfield></datafield><datafield ind1=" " ind2=" " tag="580"><subfield code="a">Merged with: Manistee daily advocate, to form: Manistee news-advocate.</subfield></datafield><datafield ind1=" " ind2="0" tag="651"><subfield code="a">Manistee (Mich.)</subfield><subfield code="v">Newspapers.</subfield></datafield><datafield ind1=" " ind2="0" tag="651"><subfield code="a">Manistee County (Mich.)</subfield><subfield code="v">Newspapers.</subfield></datafield><datafield ind1=" " ind2="7" tag="655"><subfield code="a">Newspapers.</subfield><subfield code="2">fast</subfield><subfield code="0">(OCoLC)fst01423814</subfield></datafield><datafield ind1=" " ind2="7" tag="651"><subfield code="a">Michigan</subfield><subfield code="z">Manistee.</subfield><subfield code="2">fast</subfield><subfield code="0">(OCoLC)fst01227986</subfield></datafield><datafield ind1=" " ind2="7" tag="651"><subfield code="a">Michigan</subfield><subfield code="z">Manistee County.</subfield><subfield code="2">fast</subfield><subfield code="0">(OCoLC)fst01214770</subfield></datafield><datafield ind1=" " ind2=" " tag="752"><subfield code="a">United States</subfield><subfield code="b">Michigan</subfield><subfield code="c">Manistee</subfield><subfield code="d">Manistee.</subfield></datafield><datafield ind1="1" ind2="7" tag="785"><subfield code="t">Manistee daily advocate</subfield><subfield code="w">(DLC)sn 96077213</subfield><subfield code="w">(OCoLC)35810855</subfield></datafield><datafield ind1="1" ind2="7" tag="785"><subfield code="t">Manistee news-advocate</subfield><subfield code="w">(DLC)sn 96077214</subfield><subfield code="w">(OCoLC)35810909</subfield></datafield></record>